<record><leader>00000cas a2200000 a 4500</leader><controlfield tag="001">27870585</controlfield><controlfield tag="008">930407c19909999iluwr ne      0   a0eng c</controlfield><datafield ind1=" " ind2=" " tag="010"><subfield code="a">sn 93055565 </subfield></datafield><datafield ind1=" " ind2=" " tag="040"><subfield code="a">NVF</subfield><subfield code="b">eng</subfield><subfield code="c">NVF</subfield><subfield code="d">NSD</subfield><subfield code="d">OCLCQ</subfield><subfield code="d">NVF</subfield><subfield code="d">OCLCQ</subfield><subfield code="d">NVF</subfield><subfield code="d">OCLCF</subfield><subfield code="d">OCLCO</subfield><subfield code="d">NVF</subfield></datafield><datafield ind1="1" ind2=" " tag="022"><subfield code="a">1080-3602</subfield><subfield code="l">1080-3602</subfield><subfield code="2">1</subfield></datafield><datafield ind1=" " ind2=" " tag="032"><subfield code="a">090790</subfield><subfield code="b">USPS</subfield></datafield><datafield ind1=" " ind2=" " tag="042"><subfield code="a">pcc</subfield><subfield code="a">nsdp</subfield></datafield><datafield ind1=" " ind2=" " tag="043"><subfield code="a">n-us-il</subfield></datafield><datafield ind1=" " ind2="4" tag="222"><subfield code="a">The Nauvoo new independent</subfield></datafield><datafield ind1="0" ind2="4" tag="245"><subfield code="a">The Nauvoo new independent.</subfield></datafield><datafield ind1="1" ind2="0" tag="246"><subfield code="a">New independent</subfield></datafield><datafield ind1="1" ind2="3" tag="246"><subfield code="a">New Nauvoo independent</subfield></datafield><datafield ind1=" " ind2=" " tag="260"><subfield code="a">Nauvoo, Ill. :</subfield><subfield code="b">Jane Langford,</subfield><subfield code="c">1990-</subfield></datafield><datafield ind1=" " ind2=" " tag="300"><subfield code="a">v.</subfield></datafield><datafield ind1=" " ind2=" " tag="310"><subfield code="a">Weekly</subfield></datafield><datafield ind1="0" ind2=" " tag="362"><subfield code="a">Vol. 1, issue 1 (June 20, 1990)-</subfield></datafield><datafield ind1=" " ind2="0" tag="651"><subfield code="a">Nauvoo (Ill.)</subfield><subfield code="v">Newspapers.</subfield></datafield><datafield ind1=" " ind2="7" tag="651"><subfield code="a">Illinois</subfield><subfield code="z">Nauvoo.</subfield><subfield code="2">fast</subfield><subfield code="0">(OCoLC)fst01210253</subfield></datafield><datafield ind1=" " ind2="7" tag="655"><subfield code="a">Newspapers.</subfield><subfield code="2">fast</subfield><subfield code="0">(OCoLC)fst01423814</subfield></datafield><datafield ind1=" " ind2=" " tag="752"><subfield code="a">United States</subfield><subfield code="b">Illinois</subfield><subfield code="c">Hancock</subfield><subfield code="d">Nauvoo.</subfield></datafield><datafield ind1="0" ind2="0" tag="780"><subfield code="t">Nauvoo grapevine</subfield><subfield code="w">(DLC)sn 93055564</subfield><subfield code="w">(OCoLC)27870552</subfield></datafield><datafield ind1="1" ind2=" " tag="029"><subfield code="a">AU@</subfield><subfield code="b">000020739607</subfield></datafield></record>